@misc{GitLabDocs2019,
    author = {{GitLab Docs}},
    title = {{GitLab CI/CD}},
    howpublished = {https://docs.gitlab.com/ee/ci/},
    urldate = {17-02-2020},
    year = {2019}
}

@article{Priya,
    author = {Priya Ranjan and Richard La and Eyad Abel},
    year = {2002},
    month = {03},
    pages = {},
    title = {{Bifurcations of TCP and UDP Traffic Under RED}}
}

@article{Krmicek,
    author = {Krmicek, Vojtech and Vykopal, Jan and Krejci, Radek},
    year = {2009},
    month = {01},
    pages = {},
    title = {{Netflow based system for NAT detection}},
    doi = {10.1145/1658997.1659010}
}

@article{Wadhwa2014,
    author = {Wadhwa, Divya and Kumar, Nitin and Deepika},
    title			= {{Performance Analysis of Load Balancing Algorithms in Distributed System}},
    journal			= {Advance in Electronic and Electric Engineering},
    volume			= {4},
    number			= {1},
    pages			= {59--66},
    year			= {2014},
    url = {https://www.ripublication.com/aeee_spl/aeeev4n1spl_09.pdf},
    language        = {english},
}

@misc{ColasoftCapsa,
    author = {{Colasoft: Maxime Network Value}},
    title = {{All information about Colasoft Capsa}},
    howpublished = {https://www.colasoft.com/capsa/},
    urldate = {2019-12-11}
}

@article{Gandhi2014,
    author = {Gandhi, Charu and Suri, Gaurav and Golyan, Rishi P and Saxena, Pupul and Saxena, Bhavya K},
    issn = {2308-9830},
    journal = {International Journal of Computer Networks and Communications Security},
    number = {5},
    pages = {179--187},
    title = {{Packet Sniffer-A Comparative Study}},
    url = {https://pdfs.semanticscholar.org/a3c5/085467a8c419b882a4f5d09098821dd8d3b9.pdf},
    volume = {2},
    year = {2014}
}

@book{Cheswick2003,
    author = {Cheswick, William R. and Bellovin, Steven M. and Rubin, Aviel D.},
    isbn = {020163466X},
    publisher = {Addison-Wesley Longman Publishing Co., Inc.},
    title = {{Firewalls and Internet Security: Repelling the Wily Hacker}},
    year = {2003},
    pages = {173--197}
}

@misc{NetFlow,
    title = {{Introduction to Cisco IOS NetFlow - A Technical Overview}},
    howpublished = {https://www.cisco.com/c/en/us/products/collateral/ios-nx-os-software/ios-netflow/prod{\_}white{\_}paper0900aecd80406232.html},
    urldate = {2020-02-04}
}
@book{Spiegel,
    author = {Spiegel, Murray and Schiller, John and Srinivasan, Alu},
    keywords = {Spiegel},
    pages = {111--112},
    publisher = {McGraw-Hill},
    title = {{Probabilidad y estadistica}},
    url = {https://www.dawsonera.com/readonline/9781456238759},
    year = {2013}
}
